@misc{sony,
    author = {Sony Interactive Entertainment},
    title = {PLAYSTATIONÂ®4 SALES SURPASS 40 MILLION UNITS WORLDWIDE},
    howpublished = "\url{http://www.sie.com/en/corporate/release/2016/160526.html}",
    year = {2016},
    note = "[Online; accessed 30-October-2016]"
}