@misc{sony,
    author = {Sony Interactive Entertainment},
    title = {PLAYSTATION 4 SALES SURPASS 40 MILLION UNITS WORLDWIDE},
    howpublished = "\url{http://www.sie.com/en/corporate/release/2016/160526.html}",
    year = {2016},
    note = "[Online; accessed 30-October-2016]"
}

@misc{esa,
    author = {Electronic Software Association},
    title = {Essential Acts About the Computer and Video Game Industry},
    howpublised = "\url{http://www.theesa.com/wp-content/uploads/2015/04/ESA-Essential-Facts-2015.pdf}",
    year = {2015},
    note = "[Online; accessed 03-November-2016]"
}

@misc{pew,
    author = {Pew Research Center},
    title = {Technology Device Ownership: 2015},
    howpublised = "\url{http://www.pewinternet.org/2015/10/29/technology-device-ownership-2015/}",
    year = {2015},
    note = "[Online; accessed 03-November-2016]"
}

@inproceedings{Wilson:2006:TEU:1124772.1124844,
 author = {Wilson, Andrew D. and Agrawala, Maneesh},
 title = {Text Entry Using a Dual Joystick Game Controller},
 booktitle = {Proceedings of the SIGCHI Conference on Human Factors in Computing Systems},
 series = {CHI '06},
 year = {2006},
 isbn = {1-59593-372-7},
 location = {Montr\&\#233;al, Qu\&\#233;bec, Canada},
 pages = {475--478},
 numpages = {4},
 url = {http://doi.acm.org/10.1145/1124772.1124844},
 doi = {10.1145/1124772.1124844},
 acmid = {1124844},
 publisher = {ACM},
 address = {New York, NY, USA},
 keywords = {dual control pad, dual joystick, game controller, text entry},
 note = "[Online; accessed 11-October-2016]"
}

@inproceedings{Koltringer:2007:TWG:1268517.1268536,
 author = {Koltringer, Thomas and Isokoski, Poika and Grechenig, Thomas},
 title = {TwoStick: Writing with a Game Controller},
 booktitle = {Proceedings of Graphics Interface 2007},
 series = {GI '07},
 year = {2007},
 isbn = {978-1-56881-337-0},
 location = {Montreal, Canada},
 pages = {103--110},
 numpages = {8},
 url = {http://doi.acm.org/10.1145/1268517.1268536},
 doi = {10.1145/1268517.1268536},
 acmid = {1268536},
 publisher = {ACM},
 address = {New York, NY, USA},
 keywords = {TwoStick, game controller, gamepad, joystick, quikwriting, selection keyboard, text entry},
 note = "[Online; accessed 11-October-2016]"
 }

 @inproceedings{Wobbrock:2004:JTE:985921.986126,
 author = {Wobbrock, Jacob O. and Myers, Brad A. and Aung, Htet Htet},
 title = {Joystick Text Entry with Date Stamp, Selection Keyboard, and EdgeWrite},
 booktitle = {CHI '04 Extended Abstracts on Human Factors in Computing Systems},
 series = {CHI EA '04},
 year = {2004},
 isbn = {1-58113-703-6},
 location = {Vienna, Austria},
 pages = {1550--1550},
 numpages = {1},
 url = {http://doi.acm.org/10.1145/985921.986126},
 doi = {10.1145/985921.986126},
 acmid = {986126},
 publisher = {ACM},
 address = {New York, NY, USA},
 keywords = {EdgeWrite, game controller, joystick, text entry},
 note = "[Online; accessed 11-October-2016]"
} 

@inproceedings{Wobbrock:2003:EST:964696.964703,
 author = {Wobbrock, Jacob O. and Myers, Brad A. and Kembel, John A.},
 title = {EdgeWrite: A Stylus-based Text Entry Method Designed for High Accuracy and Stability of Motion},
 booktitle = {Proceedings of the 16th Annual ACM Symposium on User Interface Software and Technology},
 series = {UIST '03},
 year = {2003},
 isbn = {1-58113-636-6},
 location = {Vancouver, Canada},
 pages = {61--70},
 numpages = {10},
 url = {http://doi.acm.org/10.1145/964696.964703},
 doi = {10.1145/964696.964703},
 acmid = {964703},
 publisher = {ACM},
 address = {New York, NY, USA},
 keywords = {PDAs, assistive technology, computer access, corners, edges, gesture recognition, graffiti, handhelds, motor impairments, palm, pebbles, text entry, text input, unistrokes},
 note = "[Online; accessed 07-November-2016]"
}

@inproceedings{Isokoski:2004:QMT:1028014.1028031,
 author = {Isokoski, Poika and Raisamo, Roope},
 title = {Quikwriting As a Multi-device Text Entry Method},
 booktitle = {Proceedings of the Third Nordic Conference on Human-computer Interaction},
 series = {NordiCHI '04},
 year = {2004},
 isbn = {1-58113-857-1},
 location = {Tampere, Finland},
 pages = {105--108},
 numpages = {4},
 url = {http://doi.acm.org/10.1145/1028014.1028031},
 doi = {10.1145/1028014.1028031},
 acmid = {1028031},
 publisher = {ACM},
 address = {New York, NY, USA},
 keywords = {device independence, game controller, gamepad, joystick, keyboard, stylus},
 note = "[Online; accessed 11-October-2016]"
}

@inproceedings{Perlin:1998:QCS:288392.288613,
 author = {Perlin, Ken},
 title = {Quikwriting: Continuous Stylus-based Text Entry},
 booktitle = {Proceedings of the 11th Annual ACM Symposium on User Interface Software and Technology},
 series = {UIST '98},
 year = {1998},
 isbn = {1-58113-034-1},
 location = {San Francisco, California, USA},
 pages = {215--216},
 numpages = {2},
 url = {http://doi.acm.org/10.1145/288392.288613},
 doi = {10.1145/288392.288613},
 acmid = {288613},
 publisher = {ACM},
 address = {New York, NY, USA},
 keywords = {pen-based computers, text entry},
 note = "[Online; accessed 07-November-2016]"
}

@inproceedings{Koltringer:2007:GCT:1240866.1241033,
 author = {Koltringer, Thomas and Van, Michaela Ngo and Grechenig, Thomas},
 title = {Game Controller Text Entry with Alphabetic and Multi-tap Selection Keyboards},
 booktitle = {CHI '07 Extended Abstracts on Human Factors in Computing Systems},
 series = {CHI EA '07},
 year = {2007},
 isbn = {978-1-59593-642-4},
 location = {San Jose, CA, USA},
 pages = {2513--2518},
 numpages = {6},
 url = {http://doi.acm.org/10.1145/1240866.1241033},
 doi = {10.1145/1240866.1241033},
 acmid = {1241033},
 publisher = {ACM},
 address = {New York, NY, USA},
 keywords = {alphabetic, game controller, game pad, joystick, multi-tap, selection keyboard, text entry},
 note = "[Online; accessed 11-October-2016]"
}

@misc{Kotaku,
    author = {Luke Plunkett, Kotaku},
    title = {Valve Thinks It's Cracked Typing With a Controller},
    howpublished = "\url{http://kotaku.com/valve-thinks-its-cracked-typing-with-a-controller-1709175825}",
    note = "[Online; accessed 03-November-2016]"
}